@book{meyers2005,
    author = "Meyers, Scott",
    title = "Effective C++",
    edition = "Third",
    year = "2005",
    publisher = "Addison Wesley Professional"
}
